@article{FL-Allen2011a,
  status = {refereed-proceeding},
  author = "Gabrielle Allen and Werner Benger and Andrei Hutanu and Shantenu Jha and Frank LÃ¶ffler and Erik Schnetter",
  title  = "A practical and comprehensive graduate course preparing students for research involving scientific computing",
  journal = "Procedia Computer Science",
  volume = "4",
  number = "",
  pages = "1927 - 1936",
  month = {Jan},
  year = "2011",
  note = "Proceedings of the International Conference on Computational Science, ICCS 2011",
  issn = "1877-0509",
  doi = "DOI: 10.1016/j.procs.2011.04.210",
  url = "http://www.sciencedirect.com/science/article/pii/S1877050911002687",
}

@inproceedings{FL-Loeffler2011tg,
  status = {refereed-proceeding},
  author = {Frank L\"offler and Gabrielle Allen and Werner Benger and Andrei Hutanu and Shantenu Jha and Erik Schnetter},
  title  = {{U}sing the {T}era{G}rid to Teach {S}cientific {C}omputing},
  booktitle = {TG '11: Proceedings of the 2011 TeraGrid Conference},
  year = {2011},
  location = {Salt Lake City, Utah},
  publisher = {ACM},
  address = {New York, NY, USA},
  receiveddate = {2011-07-20}
}

@misc{FL_talk_20110303,
  status       = {poster},
  author       = {Frank L{\"o}ffler},
  title        = {{U}sing {H}igh-end {T}echnology to {T}each {S}cientific {C}omputing - {CSC7700}},
  howpublished = {Technology Share Fair / TechPawLooza at Louisiana State University},
  year         = 2011,
  month        = {Mar},
  receiveddate = {2011-03-03},
}

@misc{FL_talk_20110720,
  status       = {talk},
  author       = {Frank L{\"o}ffler},
  title        = {Using the {T}era{G}rid to {T}each {S}cientific {C}omputing},
  howpublished = {TeraGrid 2011 conference},
  year         = 2011,
  month        = {July},
  receiveddate = {2011-07-20},
}

@misc{FL_ScientificComputing2010,
  title = "Course Material for ``Scientific Computing'' Course",
  url   = {https://svn.cct.lsu.edu/repos/sci-comp/public/},
}

